<?xml version="1.0" encoding="UTF-8"?><collection xmlns="http://www.loc.gov/MARC21/slim"><record><leader>00497nam--2200181-i-4500</leader><controlfield tag="001">000024389</controlfield><controlfield tag="002">20161230</controlfield><controlfield tag="005">20170203124940</controlfield><controlfield tag="008">060222s1000------------r-----000-0-rum-d</controlfield><datafield ind1=" " ind2=" " tag="040"><subfield code="a">IFIN-HH</subfield></datafield><datafield ind1=" " ind2=" " tag="041"><subfield code="a">rum</subfield></datafield><datafield ind1=" " ind2=" " tag="080"><subfield code="a">530.12:524.8</subfield></datafield><datafield ind1="1" ind2=" " tag="100"><subfield code="a">Ionescu-Pallas, Nicolae</subfield></datafield><datafield ind1="1" ind2="0" tag="245"><subfield code="a">Relativitate generala si cosmologie</subfield><subfield code="c">Nicolae Ionescu-Pallas</subfield></datafield><datafield ind1=" " ind2=" " tag="260"><subfield code="a">Bucuresti</subfield><subfield code="b">Editura Stiintifica Si Enciclopedica</subfield><subfield code="c">1980</subfield></datafield><datafield ind1=" " ind2=" " tag="300"><subfield code="a">631P</subfield></datafield><datafield ind1=" " ind2=" " tag="852"><subfield code="a">47370</subfield><subfield code="c">530.12</subfield></datafield><datafield ind1=" " ind2=" " tag="CAT"><subfield code="a">SYS</subfield><subfield code="c">20170203</subfield><subfield code="h">124940</subfield></datafield></record></collection>